@Book{CoPL,
	ALTauthor = {W. Sebesta, Robert},
	title = {Concepts of Programming Language, $9^{th}$ edition},
	publisher = {Pearson},
	year = {2010}
}
@article{gagnonsablecc,
  title={SableCC, An Object-Oriented Compiler Framework, 1998, Masterthesis, McGill University, Montreal, Canada},
  author={Gagnon, {\'E}.},
  journal={Available from the SableCC Website http://www. sablecc. org}
}
@Book{CaC,
	ALTauthor = {Fisher et al.},
	title = {Crafting a Compiler},
	publisher = {Pearson},
	year = {2010}
}

@MISC{W3,
title = {Recognized color keyword names},
month = August,
year = {2011},
url = {http://www.w3.org/TR/SVG/types.html#ColorKeywords}
}